@misc{marshall_2019_polity,
  author = {Marshall, Monty G. and Gurr, Ted Robert and Jaggers, Keith},
  month = {07},
  title = {Polity IV Project: Political Regime Characteristics and Transitions, 1800-2018 Dataset Users’ Manual},
  url = {www.systemicpeace.org},
  urldate = {2024-03-19},
  year = {2019}
}

@article{palmer_2021_the,
  author = {Palmer, Glenn and McManus, Roseanne W and D’Orazio, Vito and Kenwick, Michael R and Karstens, Mikaela and Bloch, Chase and Dietrich, Nick and Kahn, Kayla and Ritter, Kellan and Soules, Michael J},
  month = {02},
  pages = {073889422199574},
  title = {The MID5 Dataset, 2011–2014: Procedures, coding rules, and description},
  doi = {10.1177/0738894221995743},
  volume = {39},
  year = {2021},
  journal = {Conflict Management and Peace Science}
}

@article{singer_1988_reconstructing,
  author = {Singer, J. David},
  month = {05},
  pages = {115-132},
  title = {Reconstructing the correlates of war dataset on material capabilities of states, 1816–1985},
  doi = {10.1080/03050628808434695},
  urldate = {2020-05-30},
  volume = {14},
  year = {1988},
  journal = {International Interactions}
}

@article{barbieri_2009_trading,
  author = {Barbieri, Katherine and Keshk, Omar M.G. and Pollins, Brian M.},
  month = {10},
  pages = {471-491},
  title = {Trading Data: Evaluating our Assumptions and Coding Rules},
  doi = {10.1177/0738894209343887},
  volume = {26},
  year = {2009},
  journal = {Conflict Management and Peace Science}
}

@article{gibler_2009_international,
  author = {Gibler, Douglas M},
  title = {International Military Alliances, 1648-2008.},
  year = {2009},
  journal = {CQ Press}
}

@article{hge_2011_choice,
  author = {Häge, Frank M.},
  pages = {287-305},
  title = {Choice or Circumstance? Adjusting Measures of Foreign Policy Similarity for Chance Agreement},
  doi = {10.1093/pan/mpr023},
  urldate = {2021-06-03},
  volume = {19},
  year = {2011},
  journal = {Political Analysis}
}

@article{miller_2022_peacesciencer,
  author = {Miller, Steven V},
  month = {03},
  pages = {073889422210779},
  title = {{peacesciencer}: An R package for quantitative peace science research},
  doi = {10.1177/07388942221077926},
  urldate = {2022-05-25},
  volume = {39},
  year = {2022},
  journal = {Conflict Management and Peace Science}
}

@article{raknerud_1997_the,
  author = {Raknerud, Arvid and Hegre, Håvard},
  month = {11},
  pages = {385-404},
  title = {The Hazard of War: Reassessing the Evidence for the Democratic Peace},
  doi = {10.1177/0022343397034004002},
  volume = {34},
  year = {1997},
  journal = {Journal of Peace Research}
}

@article{callaway_2020_differenceindifferences,
  author = {Callaway, Brantly and Sant’Anna, Pedro H.C.},
  month = {12},
  title = {Difference-in-Differences with multiple time periods},
  doi = {10.1016/j.jeconom.2020.12.001},
  volume = {225},
  year = {2020},
  journal = {Journal of Econometrics}
}

@article{cohen_1960_a,
  author = {Cohen, Jacob},
  month = {04},
  pages = {37-46},
  title = {A Coefficient of Agreement for Nominal Scales},
  doi = {10.1177/001316446002000104},
  url = {https://journals.sagepub.com/doi/abs/10.1177/001316446002000104},
  volume = {20},
  year = {1960},
  journal = {Educational and Psychological Measurement}
}

@article{rambachan_2023_a,
  author = {Rambachan, Ashesh and Roth, Jonathan},
  month = {02},
  title = {A More Credible Approach to Parallel Trends},
  doi = {10.1093/restud/rdad018},
  url = {https://www.jonathandroth.com/assets/files/HonestParallelTrends_Main.pdf},
  volume = {90},
  year = {2023},
  journal = {The Review of Economic Studies}
}

@book{thompson_2012_handbook,
  author = {Thompson, William R and Dreyer, David R},
  publisher = {Sage ; Washington, Dc},
  title = {Handbook of International Rivalries : 1494-2010},
  year = {2012}
}

@misc{correlatesofwarproject_2017_state,
  author = {Correlates of War Project},
  title = {State System Membership List, v2016},
  url = {http://correlatesofwar.org},
  urldate = {2024-03-20},
  year = {2017}
}

@article{schvitz_2021_mapping,
  author = {Schvitz, Guy and Girardin, Luc and Rüegger, Seraina and Weidmann, Nils B. and Cederman, Lars-Erik and Gleditsch, Kristian Skrede},
  month = {05},
  pages = {002200272110135},
  title = {Mapping the International System, 1886-2019: The CShapes 2.0 Dataset},
  doi = {10.1177/00220027211013563},
  urldate = {2021-10-12},
  volume = {66},
  year = {2021},
  journal = {Journal of Conflict Resolution}
}

@article{anders_2020_bread,
  author = {Anders, Therese and Fariss, Christopher J and Markowitz, Jonathan N},
  month = {04},
  pages = {392-405},
  title = {Bread Before Guns or Butter: Introducing Surplus Domestic Product (SDP)},
  doi = {10.1093/isq/sqaa013},
  volume = {64},
  year = {2020},
  journal = {International Studies Quarterly}
}